%% Arquivo contendo todas referências bibliográficas
%% This BibTeX bibliography file was created using BibDesk.
%% http://bibdesk.sourceforge.net/

@article{chowdhury2003natural,
    title={Natural language processing},
    author={Chowdhury, Gobinda G},
    journal={Annual review of information science and technology},
    volume={37},
    number={1},
    pages={51--89},
    year={2003},
    publisher={Wiley Online Library}
}

@article{young2018recent,
    title={Recent trends in deep learning based natural language processing},
    author={Young, Tom and Hazarika, Devamanyu and Poria, Soujanya and Cambria, Erik},
    journal={ieee Computational intelligenCe magazine},
    volume={13},
    number={3},
    pages={55--75},
    year={2018},
    publisher={IEEE}
}

@inproceedings{kumar2016ask,
    title={Ask me anything: Dynamic memory networks for natural language processing},
    author={Kumar, Ankit and Irsoy, Ozan and Ondruska, Peter and Iyyer, Mohit and Bradbury, James and Gulrajani, Ishaan and Zhong, Victor and Paulus, Romain and Socher, Richard},
    booktitle={International Conference on Machine Learning},
    pages={1378--1387},
    year={2016}
}

@inproceedings{manning2014stanford,
    title={The Stanford CoreNLP natural language processing toolkit},
    author={Manning, Christopher and Surdeanu, Mihai and Bauer, John and Finkel, Jenny and Bethard, Steven and McClosky, David},
    booktitle={Proceedings of 52nd annual meeting of the association for computational linguistics: system demonstrations},
    pages={55--60},
    year={2014}
}

@inproceedings{burget2003nonrandomattr,
    author={Burget, Lukas and Cernocký, Jan},
    year={2003},
    month={09},
    pages={257-262},
    title={Recognition of Speech with Non-random Attributes},
    volume={2807},
    doi={10.1007/978-3-540-39398-6_36}
}

@article{gales2008application,
  title={The application of hidden Markov models in speech recognition},
  author={Gales, Mark and Young, Steve and others},
  journal={Foundations and Trends{\textregistered} in Signal Processing},
  volume={1},
  number={3},
  pages={195--304},
  year={2008},
  publisher={Now Publishers, Inc.}
}

@inproceedings{graves2013speech,
  title={Speech recognition with deep recurrent neural networks},
  author={Graves, Alex and Mohamed, Abdel-rahman and Hinton, Geoffrey},
  booktitle={2013 IEEE international conference on acoustics, speech and signal processing},
  pages={6645--6649},
  year={2013},
  organization={IEEE}
}

@TechReport{LeRouxVincent2014TRdatasets,
author = {Le Roux, Jonathan and Vincent, Emmanuel},
title = {A categorization of robust speech processing datasets},
institution = {Mitsubishi Electric Research Labs},
year = {2014},
number = {TR2014-116},
address = {Cambridge, MA, USA},
month = aug,
note = {v2014-09}
}

@article{Lamel1992timmit,
author = {Lamel, Lori and Fiscus, Jonathan G and Fisher, William M and Fiscus, Jonathan G and Pallett, David S},
number = {August},
title = {{TMIT Acoustic-Phonetic Continuous Speech Corpus}},
year = {1992}
}

@article{Ravanelli2016dirha,
archivePrefix = {arXiv},
arxivId = {arXiv:1710.02560v1},
author = {Ravanelli, Mirco and Cristoforetti, Luca and Gretter, Roberto and Pellin, Marco and Sosi, Alessandro and Omologo, Maurizio},
doi = {10.1109/ASRU.2015.7404805},
eprint = {arXiv:1710.02560v1},
isbn = {9781479972913},
journal = {2015 IEEE Workshop on Automatic Speech Recognition and Understanding, ASRU 2015 - Proceedings},
keywords = {DNN,Kaldi,corpora,distant speech recognition,microphone arrays},
number = {October},
pages = {275--282},
title = {{The DIRHA-ENGLISH corpus and related tasks for distant-speech recognition in domestic environments}},
year = {2016}
}

@INPROCEEDINGS{godfrey1992switchboard, 
author={J. J. {Godfrey} and E. C. {Holliman} and J. {McDaniel}}, 
booktitle={[Proceedings] ICASSP-92: 1992 IEEE International Conference on Acoustics, Speech, and Signal Processing}, 
title={SWITCHBOARD: telephone speech corpus for research and development}, 
year={1992}, 
volume={1}, 
number={}, 
pages={517-520 vol.1}, 
keywords={speech analysis and processing;speech recognition;R&D;telephone speech corpus;research and development;SWITCHBOARD;multispeaker corpus;conversational speech;text;speaker authentication;large vocabulary speech recognition;US;T1 lines;Texas Instruments;training;testing;speech processing algorithms;speaker verification;time-aligned word;word transcription;1 hr;Telephony;Research and development;Instruments;Speech recognition;Testing;Speech processing;Databases;Authentication;Protocols;Vocabulary}, 
doi={10.1109/ICASSP.1992.225858}, 
ISSN={1520-6149}, 
month={March},}

@article{barker2013pascal,
  title={The PASCAL CHiME speech separation and recognition challenge},
  author={Barker, Jon and Vincent, Emmanuel and Ma, Ning and Christensen, Heidi and Green, Phil},
  journal={Computer Speech \& Language},
  volume={27},
  number={3},
  pages={621--633},
  year={2013},
  publisher={Elsevier}
}

@inproceedings{christensen2010chime,
  title={The CHiME corpus: a resource and a challenge for computational hearing in multisource environments},
  author={Christensen, Heidi and Barker, Jon and Ma, Ning and Green, Phil D},
  booktitle={Eleventh Annual Conference of the International Speech Communication Association},
  year={2010}
}

@article{barker2018fifth,
  title={The fifth'CHiME'Speech Separation and Recognition Challenge: Dataset, task and baselines},
  author={Barker, Jon and Watanabe, Shinji and Vincent, Emmanuel and Trmal, Jan},
  journal={arXiv preprint arXiv:1803.10609},
  year={2018}
}

@inproceedings{chanchaochai2018globaltimit,
  title={GlobalTIMIT: Acoustic-Phonetic Datasets for the World's Languages.},
  author={Chanchaochai, Nattanun and Cieri, Christopher and Debrah, Japhet and Ding, Hongwei and Jiang, Yue and Liao, Sishi and Liberman, Mark and Wright, Jonathan and Yuan, Jiahong and Zhan, Juhong and others},
  booktitle={Interspeech},
  pages={192--196},
  year={2018}
}

@article{schuppler2017corpus,
  title={A corpus of read and conversational Austrian German},
  author={Schuppler, Barbara and Hagm{\"u}ller, Martin and Zahrer, Alexander},
  journal={Speech Communication},
  volume={94},
  pages={62--74},
  year={2017},
  publisher={Elsevier}
}

@Book{TCDP2020,
    publisher = {Cambridge University Press},
    author = {Contribution},
    title = {Cambridge Advanced Learner's Dictionary \& Thesaurus},
    year = {2020},
    urldate = {2020-12-12},
    url = {https://dictionary.cambridge.org/us/dictionary/english/contribution}
}

@article{flagg2016contribution,
  title={Contribution of multimedia to girls’ experience of citizen science},
  author={Flagg, Barbara},
  journal={Citizen Science: Theory and Practice},
  volume={1},
  number={2},
  year={2016},
  publisher={Ubiquity Press}
}